@incollection{aumann1964bargaining,
 title = {The bargaining set for cooperative games},
 author = {Aumann, Robert J and Maschler, Michael},
 year = 1961,
 publisher = {Princeton University Press},
 booktitle = {Advances in Game Theory},
 volume = 52,
 series = {Annals of Mathematics Studies},
 pages = {443--472}
}
@book{Peters2008,
 title = {Game Theory: A Multi-Leveled Approach},
 author = {Hans Peters},
 year = 2008,
 publisher = {Springer}
}
@phdthesis{DominikPetersThesis,
 title = {Fair division of the commons},
 author = {Dominik Peters},
 year = 2019,
 type = {Ph.D. thesis},
 school = {University of Oxford, {UK}}
}
@article{SS74,
 title = {On cores and indivisibility},
 author = {L. Shapley and H. Scarf},
 year = 1974,
 journal = {Journal of Mathematical Economics},
 publisher = {Elsevier},
 volume = 1,
 number = 1,
 pages = {23--37}
}
@incollection{HedonicGamesHOCSC,
 title = {Hedonic Games},
 author = {Aziz, Haris and Savani, Rahul and Moulin, Hervé},
 year = 2016,
 booktitle = {Handbook of Computational Social Choice},
 publisher = {Cambridge University Press},
 pages = {356--376},
 editor = {Brandt, Felix and Conitzer, Vincent and Endriss, Ulle and Lang, Jérôme and Procaccia, Ariel D.}
}
@article{CR01,
 title = {Stability in coalition formation games},
 author = {K. Cechl\'{a}rov\'{a} and A. Romero-Medina},
 year = 2001,
 journal = {International Journal of Game Theory},
 publisher = {Springer},
 volume = 29,
 number = 4,
 pages = {487--494}
}
@article{CH04,
 title = {Stable partitions with {$\mathscr W$}-preferences},
 author = {K. Cechl\'arov\'a and J. Hajdukov\'a},
 year = 2004,
 journal = {Discrete Applied Mathematics},
 publisher = {Elsevier},
 volume = 138,
 number = 3,
 pages = {333--347}
}
@inproceedings{Plaxton3DSMCYCconference,
title = {On the Existence of Three-Dimensional Stable Matchings with Cyclic Preferences},
author = {Lam, Chi-Kit and Plaxton, C. Gregory},
year = {2019},
booktitle = {Proceedings of SAGT '19: the 12\textsuperscript{th} International Symposium on Algorithmic Game Theory},
publisher = {Springer},
pages = {329--342},
series = {LNCS},
volume = {11801}
}
@article{Plaxton3DSMCYCJournal,
 title = {On the Existence of Three-Dimensional Stable Matchings with Cyclic Preferences},
 author = {C.G. Plaxton and C.-K. Lam},
 year = 2022,
 journal = {Theory of Computing Systems},
 publisher = {Springer},
 volume = 66,
 number = 3,
 pages = {679--695},
 note = {Preliminary version appeared as \cite{Plaxton3DSMCYCconference}.}
}
@book{KendallTauCitation,
 title = {Rank correlation methods},
 author = {Maurice G. Kendall},
 year = {1955},
 publisher = {Charles Griffin \& Company},
 address = {London, {UK}}
}
@article{caprara_packing_2002,
 title = {Packing triangles in bounded degree graphs},
 author = {Alberto Caprara and Romeo Rizzi},
 year = 2002,
 journal = {Information Processing Letters},
 publisher = {Elsevier},
 volume = 84,
 number = 4,
 pages = {175--180}
}
@article{NH91,
 title = {Three-dimensional stable matching problems},
 author = {C. Ng and D.S. Hirschberg},
 year = 1991,
 journal = {SIAM Journal on Discrete Mathematics},
 volume = 4,
 number = 1,
 pages = {245--252}
}
@article{DG80,
 title = {Hedonic coalitions: optimality and stability},
 author = {J.H. Dr\`eze and J. Greenberg},
 year = 1980,
 journal = {Econometrica},
 publisher = {The Econometric Society},
 volume = 48,
 number = 4,
 pages = {987--1003}
}
@inproceedings{ABH11,
 title = {{Pareto} optimality in coalition formation},
 author = {Haris Aziz and Felix Brandt and Paul Harrenstein},
 year = 2011,
 booktitle = {Proceedings of SAGT '11: the 4\textsuperscript{th} Symposium on Algorithmic Game Theory},
 publisher = {Springer},
 series = {LNCS},
 volume = 6982,
 pages = {93--104}
}
@inproceedings{AzizLang2016,
 title = {Computing {Pareto} Optimal Committees},
 author = {Aziz, Haris and Lang, J{\'e}r\^{o}me and Monnot, J{\'e}r\^{o}me},
 year = 2016,
 booktitle = {Proceedings of IJCAI '16: the 25\textsuperscript{th} International Joint Conference on Artificial Intelligence},
 publisher = {{AAAI} Press},
 pages = {60--66}
}
@article{AZIZ2013316,
 title = {Computing desirable partitions in additively separable hedonic games},
 author = {Haris Aziz and Felix Brandt and Hans Georg Seedig},
 year = 2013,
 journal = {Artificial Intelligence},
 publisher = {Elsevier},
 volume = 195,
 pages = {316--334}
}
@inproceedings{BY19,
 title = {Stable and Envy-free Partitions in Hedonic Games},
 author = {Nathana{\"{e}}l Barrot and Makoto Yokoo},
 year = 2019,
 booktitle = {Proceedings of IJCAI '19: the 28\textsuperscript{th} International Joint Conference on Artificial Intelligence},
 publisher = {{IJCAI} Organization},
 pages = {67--73}
}
@inproceedings{EW09,
 title = {Hedonic Coalition Nets},
 author = {Elkind, Edith and Wooldridge, Michael},
 year = 2009,
 booktitle = {Proceedings of AAMAS '09: the 8\textsuperscript{th} International Conference on Autonomous Agents and Multiagent Systems},
 publisher = {International Foundation for Autonomous Agents and Multiagent Systems},
 pages = {417--424}
}
@book{AMUP,
 title = {Algorithmics of Matching Under Preferences},
 author = {D.F. Manlove},
 year = 2013,
 publisher = {World Scientific},
 address = {Singapore}
}
@article{IJangHedonicGamesRobots2018,
 title = {Anonymous Hedonic Game for Task Allocation in a Large-Scale Multiple Agent System},
 author = {I. {Jang} and H. {Shin} and A. {Tsourdos}},
 year = 2018,
 journal = {IEEE Transactions on Robotics},
 volume = 34,
 number = 6,
 pages = {1534--1548}
}
@article{CH02,
 title = {Computational complexity of stable partitions with {$\mathscr B$}-preferences},
 author = {K. Cechl\'{a}rov\'{a} and J. Hajdukov\'{a}},
 year = 2002,
 journal = {International Journal of Game Theory},
 publisher = {Springer},
 volume = 31,
 pages = {353--364}
}
@incollection{BBP04,
 title = {Ranking sets of objects},
 author = {Barber\`a, S. and Bossert, W. and Pattanaik, P.K.},
 year = 2004,
 booktitle = {Handbook of Utility Theory},
 publisher = {Springer},
 volume = 2,
 pages = {893--977},
 chapter = 17,
 editor = {Barber\`a, S. and Hammond, P.J. and Seidl, C.}
}
@article{Haj06,
 title = {Coalition formation games: a survey},
 author = {J. Hajdukov\'a},
 year = 2006,
 journal = {International Game Theory Review},
 publisher = {World Scientific},
 address = {Singapore},
 volume = 8,
 number = 4,
 pages = {613--641}
}
@article{KANNAI1984172,
 title = {A note on the extension of an order on a set to the power set},
 author = {Yakar Kannai and Bezalel Peleg},
 year = 1984,
 journal = {Journal of Economic Theory},
 publisher = {Elsevier},
 volume = 32,
 number = 1,
 pages = {172--175}
}
@article{BKS01,
 title = {Core in a simple coalition formation game},
 author = {S. Banerjee and H. Konishi and T. S\"onmez},
 year = 2001,
 journal = {Social Choice and Welfare},
 publisher = {Springer},
 volume = 18,
 pages = {135--153}
}
@inproceedings{Olsen2007,
 title = {Nash Stability in Additively Separable Hedonic Games Is {\NP}-Hard},
 author = {Olsen, Martin},
 year = 2007,
 booktitle = {Proceedings of CiE '07: The 3\textsuperscript{rd} Conference on Computability in Europe},
 publisher = {Springer},
 pages = {598--605},
 series = {LNCS},
 volume = {4497}
}
@article{Deng94,
 title = {On the Complexity of Cooperative Solution Concepts},
 author = {Xiaotie Deng and Christos H. Papadimitriou},
 year = 1994,
 journal = {Mathematics of Operations Research},
 publisher = {The Institute for Operations Research and the Management Sciences},
 volume = 19,
 number = 2,
 pages = {257--266}
}
@inproceedings{Huang07conference,
 title = {Two's Company, Three's a Crowd: Stable Family and Threesome Roommates Problems},
 author = {Huang, Chien-Chung},
 year = 2007,
 booktitle = {Proceedings of ESA '07: the 15\textsuperscript{th} European Symposium on Algorithms},
 publisher = {Springer},
 series = {LNCS},
 volume = 4698,
 pages = {558--569}
}
@article{ABBHOP19,
 title = {Fractional Hedonic Games},
 author = {Haris Aziz and Florian Brandl and Felix Brandt and Paul Harrenstein and Martin Olsen and Dominik Peters},
 year = 2019,
 journal = {{ACM} Transactions on Economics and Computation},
 volume = 7,
 number = 2,
 pages = {1--29}
}
@article{Bal04,
 title = {{\NP}-completeness in hedonic games},
 author = {C. Ballester},
 year = 2004,
 publisher = {Elsevier},
 journal = {Games and Economic Behaviour},
 volume = 49,
 number = 1,
 pages = {1--30}
}
@article{CSEH2019,
 title = {{{Pareto} optimal coalitions of fixed size}},
 author = {{Cseh}, {\'A}gnes and {Fleiner}, Tam{\'a}s and {Harj{\'a}n}, Petra},
 year = 2019,
 journal = {Journal of Mechanism and Institution Design},
 publisher = {Society for the Promotion of Mechanism and Institution Design},
 address = {York, UK},
 volume = 4,
 number = 1,
 pages = {87--108}
}
@article{WOEGINGER2013101,
 title = {A hardness result for core stability in additive hedonic games},
 author = {Gerhard J. Woeginger},
 year = 2013,
 publisher = {Elsevier},
 journal = {Mathematical Social Sciences},
 volume = 65,
 number = 2,
 pages = {101--104}
}
@inproceedings{OBISY17,
 title = {Core Stability in Hedonic Games among Friends and Enemies: Impact of Neutrals},
 author = {Kazunori Ohta and Nathanaël Barrot and Anisse Ismaili and Yuko Sakurai and Makoto Yokoo},
 year = 2017,
 publisher={{IJCAI} Organization},
 booktitle = {Proceedings of IJCAI '17: the 26\textsuperscript{th} International Joint Conference on Artificial Intelligence},
 pages = {359--365}
}
@article{SUNG2010635,
 title = {Computational complexity in additive hedonic games},
 author = {Shao-Chin Sung and Dinko Dimitrov},
 year = 2010,
 publisher = {Elsevier},
 journal = {European Journal of Operational Research},
 volume = 203,
 number = 3,
 pages = {635--639}
}
@inproceedings{Ued18,
 title = {Envy based fairness in hedonic games},
 author = {Ueda, Suguru},
 year = 2018,
 publisher = {{ACM}},
 booktitle = {Proceedings of GECCO '18: the Genetic and Evolutionary Computation Conference},
 pages = {1852--1853}
}
@book{combinatorialwest,
 title = {Combinatorial Mathematics},
 author = {Douglas B. West},
 year = 2020,
 publisher = {Cambridge University Press}
}
@article{GS62,
 title = {College admissions and the stability of marriage},
 author = {D. Gale and L.S. Shapley},
 year = 1962,
 publisher = {Mathematical Association of America},
 journal = {American Mathematical Monthly},
 volume = 69,
 number = 1,
 pages = {9--15}
}
@article{Irv85,
 title = {An {E}fficient {A}lgorithm for the ``{S}table {R}oommates'' {P}roblem},
 author = {R.W. Irving},
 year = 1985,
 journal = {Journal of Algorithms},
 publisher = {Elsevier},
 number = 4,
 volume = 6,
 pages = {577--595}
}
@book{Knu76french,
 title = {Mariages Stables et leurs relations avec d'autres probl\`emes combinatoires},
 author = {Donald Ervin Knuth},
 year = 1976,
 publisher = {Presses de L'Universit\'{e} de Montr\'{e}al}
}
@book{Knu97english,
 title = {Stable Marriage and Its relation to Other Combinatorial Problems},
 author = {D.E. Knuth},
 year = 1997,
 publisher = {American Mathematical Society},
 series = {CRM Proceedings and Lecture Notes},
 volume = 10,
 note = {{E}nglish translation of \cite{Knu76french}.}
}
@miscnoauthor{RothShapleyNobelPrize,
 title = {{T}he {P}rize in {E}conomic {S}ciences 2012},
 publisher = {{NobelPrize.org}, {Nobel Media AB}},
 year = 2020,
 url = {https://web.archive.org/web/20220815060610/https://www.nobelprize.org/prizes/economic-sciences/2012/summary/}
}
@book{GJ79,
 title = {Computers and Intractability},
 author = {M.R. Garey and D.S. Johnson},
 year = 1979,
 publisher = {Freeman},
 address = {San Francisco, CA}
}
@article{Alk88,
 title = {Non-existence of stable threesome matchings},
 author = {A. Alkan},
 year = 1988,
 journal = {Mathematical Social Sciences},
 publisher = {Elsevier},
 volume = 16,
 number = 2,
 pages = {207--209}
}
@article{Dan02,
 title = {Existence of stable matchings in some three-sided systems},
 author = {V.I. Danilov},
 year = 2003,
 journal = {Mathematical Social Sciences},
 publisher = {Elsevier},
 volume = 46,
 number = 2,
 pages = {145--148}
}
@article{BGJK04,
 title = {Stable matchings in three-sided systems with cyclic preferences},
 author = {E. Boros and V. Gurvich and S. Jaslar and D. Krasner},
 year = 2004,
 publisher = {Elsevier},
 journal = {Discrete Mathematics},
 volume = 289,
 number = {1-3},
 pages = {1--10}
}
@article{Pashkovich20,
 title = {Three-dimensional stable matching with cyclic preferences},
 author = {Pashkovich, Kanstantsin and Poirrier, Laurent},
 year = 2020,
 journal = {Optimization Letters},
 publisher = {Springer},
 volume = 14,
 pages = {2615--2623}
}
@inproceedings{LRRSS15,
 title = {Representing and Solving Hedonic Games with Ordinal Preferences and Thresholds},
 author = {Lang, J{\'e}r\^{o}me and Rey, Anja and Rothe, J\"{o}rg and Schadrack, Hilmar and Schend, Lena},
 year = 2015,
 booktitle = {Proceedings of AAMAS '15: the 14\textsuperscript{th} International Conference on Autonomous Agents and Multiagent Systems},
 publisher = {International Foundation for Autonomous Agents and Multiagent Systems},
 pages = {1229--1237}
}
@article{ESS06,
 title = {Three dimensional stable matching with cyclic preferences},
 author = {K. Eriksson and J. Sj\"ostrand and P. Strimling},
 year = 2006,
 journal = {Mathematical Social Sciences},
 publisher = {Elsevier},
 volume = 52,
 number = 1,
 pages = {77--87}
}
@article{Biro2010,
 title = {Three-Sided Stable Matchings with Cyclic Preferences},
 author = {Bir{\'o}, P{\'e}ter and McDermid, Eric},
 year = 2010,
 journal = {Algorithmica},
 publisher = {Springer},
 volume = 58,
 number = 1,
 pages = {5--18}
}
@inproceedings{Escamocher2018,
 title = {Three-Dimensional Matching Instances Are Rich in Stable Matchings},
 author = {Escamocher, Guillaume and O'Sullivan, Barry},
 year = 2018,
 booktitle = {Integration of Constraint Programming, Artificial Intelligence, and Operations Research},
 publisher = {Springer},
 pages = {182--197},
 series = {LNCS},
 volume = {10848}
}
@article{HOFBAUER201672,
 title = {$d$-dimensional stable matching with cyclic preferences},
 author = {Johannes Hofbauer},
 year = 2016,
 journal = {Mathematical Social Sciences},
 publisher = {Elsevier},
 volume = 82,
 pages = {72--76}
}
@techreport{Lerner22,
 title = {Minimal instances with no weakly stable matching for three-sided problem with cyclic incomplete preferences},
 author = {E. Y. Lerner},
 year = 2022,
 number = {2107.10102},
 url = {http://arxiv.org/abs/2107.10102},
 institution = {Computing Research Repository, Cornell University Library}
}
@inproceedings{CsehPeters22,
 title = {Three-Dimensional Popular Matching with Cyclic Preferences},
 author = {Cseh, {\'A}gnes and Peters, Jannik},
 year = 2022,
 booktitle = {Proceedings of AAMAS '22: the 21\textsuperscript{st} International Conference on Autonomous Agents and Multiagent Systems},
 publisher = {International Foundation for Autonomous Agents and Multiagent Systems},
 pages = {309--317}
}
@article{Cseh2022,
 title = {A collection of Constraint Programming models for the three-dimensional stable matching problem with cyclic preferences},
 author = {{\'{A}}gnes Cseh and Guillaume Escamocher and Beg{\"{u}}m Gen{\c{c}} and Luis Quesada},
 year = 2022,
 journal = {Constraints},
 publisher = {Springer},
 volume = 27,
 number = 3,
 pages = {249--283}
}
@inproceedings{IMO07,
 title = {Stable roommates problem with triple rooms},
 author = {K. Iwama and S. Miyazaki and K. Okamoto},
 year = 2007,
 booktitle = {Proceedings of WAAC '07: the 10\textsuperscript{th} Korea-Japan Workshop on Algorithms and Computation},
 pages = {105--112},
 note = {Archived as Technical Report COMP2007-41 in the Kyoto University Research Information Repository.}
}
@article{Bossong2006,
 title = {Minimal paths on ordered graphs},
 author = {Bossong, Ulrike and Schweigert, Dietmar},
 year = 2006,
 journal = {Mathematica Slovaca},
 publisher = {Mathematical Institute of the Slovak Academy of Sciences},
 volume = 56,
 number = 1,
 pages = {23--31}
}
@inproceedings{committeeselectiondelort,
 title = {Committee Selection with a Weight Constraint Based on a Pairwise Dominance Relation},
 author = {Delort, Charles and Spanjaard, Olivier and Weng, Paul},
 year = 2011,
 booktitle = {Proceedings of ADT '11: the 2\textsuperscript{nd} International Conference on Algorithmic Decision Theory},
 publisher = {Springer},
 series = {LNCS},
 volume = {6992},
 pages = {28--41}
}
@inproceedings{IMO08,
 title = {Inapproximability of stable roommates problem with triple rooms},
 author = {K. Iwama and S. Miyazaki and K. Okamoto},
 year = 2008,
 booktitle = {Proceedings of AAAC '08: the 1\textsuperscript{st} Annual Meeting of the Asian Association for Algorithms and Computation},
 pages = 31
}
@article{ABEOMP09,
 title = {Geometric stable roommates},
 author = {E.M. Arkin and S.W. Bae and A. Efrat and J.S.B. Mitchell and K. Okamoto and V. Polishchuk},
 year = 2009,
 journal = {Information Processing Letters},
 publisher = {Elsevier},
 volume = 109,
 pages = {219--224},
 number = 4
}
@article{DEINEKO20131837,
 title = {Two hardness results for core stability in hedonic coalition formation games},
 author = {Vladimir G. Deineko and Gerhard J. Woeginger},
 year = 2013,
 journal = {Discrete Applied Mathematics},
 publisher = {Elsevier},
 volume = 161,
 number = {13-14}
}
@inproceedings{chen2022euclidean,
 title = {Multi-Dimensional {S}table {R}oommates in 2-Dimensional Euclidean Space},
 author = {Jiehua Chen and Sanjukta Roy},
 publisher = {Schloss Dagstuhl - Leibniz-Zentrum f{\"u}r Informatik},
 year = 2022,
 volume = {244},
 pages = {36:1--36:16},
 series = {Leibniz International Proceedings in Informatics (LIPIcs)},
 booktitle = {Proceedings of ESA' 22: the 30\textsuperscript{th} Annual European Symposium on Algorithms}
}
@techreport{ostrovskyrosenbaum2014,
 title = {It's Not Easy Being Three: The Approximability of Three-Dimensional Stable Matching Problems},
 author = {Rafail Ostrovsky and Will Rosenbaum},
 number = {1412.1130},
 year = 2014,
 url = {http://arxiv.org/abs/1412.1130},
 institution = {Computing Research Repository, Cornell University Library}
}
@book{ACGKMP99,
 title = {Complexity and Approximation},
 author = {G. Ausiello and P. Crescenzi and G. Gambosi and V. Kann and A. Marchetti-Spaccamela and M. Protasi},
 year = 1999,
 publisher = {Springer}
}
@inproceedings{Boe20,
 title = {Stable Roommate Problem with Diversity Preferences},
 author = {Boehmer, Niclas and Elkind, Edith},
 year = 2020,
 booktitle = {Proceedings of IJCAI '20: the 29\textsuperscript{th} International Joint Conference on Artificial Intelligence},
 publisher = {{IJCAI} Organization},
 pages = {96--102}
}
@inproceedings{Bre20,
 title = {Multidimensional Stable Roommates with Master List},
 author = {Bredereck, Robert and Heeger, Klaus and Knop, Du{\v{s}}an and Niedermeier, Rolf},
 year = 2020,
 booktitle = {Proceedings of WINE '20: The 16\textsuperscript{th} Conference on Web and Internet Economics},
 publisher = {Springer},
 series = {LNCS},
 volume = 12495,
 pages = {59--73}
}
@inproceedings{Brandt2020FindingAR,
 title = {Finding and Recognizing Popular Coalition Structures},
 author = {F. Brandt and M. Bullinger},
 year = 2020,
 booktitle = {Proceedings of AAMAS '20: the 19\textsuperscript{th} International Conference on Autonomous Agents and Multiagent Systems},
 publisher = {International Foundation for Autonomous Agents and Multiagent Systems},
 pages = {195--203}
}
@inproceedings{WrightV15,
 title = {Mechanism Design for Team Formation},
 author = {Mason Wright and Yevgeniy Vorobeychik},
 year = 2015,
 booktitle = {Proceedings of AAAI '15: the 29\textsuperscript{th} AAAI Conference on Artificial Intelligence},
 publisher = {{AAAI} Press},
 pages = {1050--1056}
}
@techreport{yekta2018finding,
 title = {On Finding Stable and Efficient Solutions for the Team Formation Problem},
 author = {Yekta, Hoda Atef and Bergman, David and Day, Robert},
 year = 2018,
 number = {1804.00309},
 url = {http://arxiv.org/abs/1804.00309},
 institution = {Computing Research Repository, Cornell University Library}
}
@article{Sless18,
 title = {Forming $k$ coalitions and facilitating relationships in social networks},
 author = {Liat Sless and Noam Hazon and Sarit Kraus and Michael Wooldridge},
 year = 2018,
 journal = {Artificial Intelligence},
 publisher = {Elsevier},
 volume = 259,
 pages = {217--245}
}
@unpublished{Li2022,
 title = {Partitioning Friends Fairly},
 author = {Lily Li and Evi Micha and Alexsandar Nikolov and Nisarg Shah},
 year = 2022,
 url = {https://web.archive.org/web/20220912204204/https://www.cs.toronto.edu/~nisarg/papers/fair-partition.pdf},
 note = {Unpublished manuscript.}
}
@inproceedings{Bilo22,
 title = {Hedonic Games with Fixed-Size Coalitions},
 author = {Bil\`o, Vittorio and Monaco, Gianpiero and Moscardelli, Luca},
 year = 2022,
 booktitle = {Proceedings of AAAI '22: the 36\textsuperscript{th} AAAI Conference on Artificial Intelligence},
 publisher = {{AAAI} Press},
 pages = {9287--9295}
}
@inproceedings{BrandtBullingerWilczynski2021,
    title={Reaching Individually Stable Coalition Structures in Hedonic Games},
    author={Brandt, Felix and Bullinger, Martin and Wilczynski, Ana{\"e}lle},
    year={2021},
    booktitle={Proceedings of AAAI '21: the 35\textsuperscript{th} AAAI Conference on Artificial Intelligence},
    publisher = {{AAAI} Press},
    pages={5211-5218}
}
@article{BJ02,
  title = {The stability of hedonic coalition structures},
  author = {A. Bogomolnaia and M.O. Jackson},
  year = 2002,
  journal = {Games and Economic Behavior},
  publisher = {Elsevier},
  volume = 38,
  pages = {201--230}
}
@article{Alc94,
 title = {Exchange-proofness or divorce-proofness? {S}tability in one-sided matching markets},
 author = {J. Alcalde},
 year = 1994,
 journal = {Economic design},
 publisher = {Springer},
 volume = 1,
 pages = {275--287}
}
@phdthesis{rosenbaum16,
 title = {Distributed Almost Stable Matchings},
 author = {Rosenbaum, William Bailey},
 year = 2016,
 type = {Ph.D. thesis},
 school = {University of California, Los Angeles, USA}
}
@inproceedings{ABS11,
 title = {Optimal Partitions in Additively Separable Hedonic Games},
 author = {Aziz, Haris and Brandt, Felix and Seedig, Hans Georg},
 year = 2011,
 booktitle = {Proceedings of IJCAI '11: the 22\textsuperscript{nd} International Joint Conference on Artificial Intelligence},
 publisher = {{AAAI} Press},
 pages = {43--48}
}
@article{BMM10,
 title = {Size versus stability in the Marriage problem},
 author = {P. Bir\'o and D.F. Manlove and S. Mittal},
 year = 2010,
 journal = {Theoretical Computer Science},
 publisher = {Elsevier},
 volume = 411,
 number = {16-18},
 pages = {1828--1841}
}
@article{BM10,
 title = {Three-sided stable matchings with cyclic preferences},
 author = {P. Bir\'o and E. McDermid},
 year = 2010,
 journal = {Algorithmica},
 publisher = {Springer},
 volume = 58,
 number = 1,
 pages = {5--18}
}
@inproceedings{ABM06,
 title = {``{A}lmost stable'' matchings in the {R}oommates problem},
 author = {D.J. Abraham and P. Bir\'o and D.F. Manlove},
 year = 2006,
 booktitle = {Proceedings of WAOA '05: the 3\textsuperscript{rd} Workshop on Approximation and Online Algorithms},
 publisher = {Springer},
 series = {Lecture Notes in Computer Science},
 volume = 3879,
 pages = {1--14}
}
@article{Hamada16,
 title = {The Hospitals/Residents Problem with Lower Quotas},
 author = {Hamada, Koki and Iwama, Kazuo and Miyazaki, Shuichi},
 year = 2016,
 journal = {Algorithmica},
 publisher = {Springer},
 volume = 74,
 pages = {440--465}
}
@book{GI89,
 title = {The Stable Marriage Problem: Structure and Algorithms},
 author = {D. Gusfield and R.W. Irving},
 year = 1989,
 publisher = {MIT Press}
}
@article{Pittel20,
 title = {On random stable matchings: Cyclic ones with strict preferences and two-sided ones with partially ordered preferences},
 author = {Boris Pittel},
 year = 2020,
 journal = {Advances in Applied Mathematics},
 publisher = {Elsevier},
 volume = 120,
 number = 102061
}
@article{PI94,
 title = {An upper bound for the solvability probability of a random stable roommates instance},
 author = {B.G. Pittel and R.W. Irving},
 year = 1994,
 journal = {Random Structures and Algorithms},
 publisher = {Wiley Periodicals, Inc.},
 volume = 5,
 number = 3,
 pages = {465--486}
}
@article{KH83,
 title = {On the complexity of general graph factor problems},
 author = {D. G. Kirkpatrick and P. Hell},
 year = 1983,
 journal = {{SIAM} Journal on Computing},
 volume = 12,
 number = 3,
 pages = {601--609}
}
@article{CHATAIGNER20091396,
 title = {Approximation algorithms and hardness results for the clique packing problem},
 author = {F. Chataigner and G. {Mani\'c} and Y. Wakabayashi and R. Yuster},
 year = 2009,
 journal = {Discrete Applied Mathematics},
 publisher = {Elsevier},
 volume = 157,
 number = 7,
 pages = {1396--1406}
}
@article{McDonald2020,
 title = {Packing and Covering Directed Triangles},
 author = {McDonald, Jessica and Puleo, Gregory J. and Tennenhouse, Craig},
 publisher = {Springer},
 year = 2020,
 journal = {Graphs and Combinatorics},
 volume = 36,
 pages = {1059--1063}
}
@article{Robertson84,
 title = {Graph minors. {III}. Planar tree-width},
 author = {Neil Robertson and P.D Seymour},
 year = 1984,
 journal = {Journal of Combinatorial Theory, Series B},
 publisher = {Elsevier},
 volume = 36,
 number = 1,
 pages = {49--64}
}
@inproceedings{SchaeferSatComplexity78,
 title = {The Complexity of Satisfiability Problems},
 author = {Schaefer, Thomas J.},
 year = 1978,
 booktitle = {Proceedings of STOC '78: the 10\textsuperscript{th} Annual ACM Symposium on Theory of Computing},
 pages = {216--226}
}
@article{PSSW14,
 title = {{XSAT} and {NAE-SAT} of linear {CNF} classes},
 author = {Porschen, Stefan and Schmidt, Tatjana and Speckenmeyer, Ewald and Wotzlaw, Andreas},
 year = 2014,
 journal = {Discrete Applied Mathematics},
 publisher = {Elsevier},
 volume = 167,
 pages = {1--14}
}
@inproceedings{CFM05,
 title = {The kidney exchange game},
 author = {K. Cechl\'arov\'a and T. Fleiner and D. Manlove},
 year = 2005,
 booktitle = {Proceedings of SOR '05: the 8\textsuperscript{th} International Symposium on Operations Research in Slovenia},
 pages = {77--83},
 note = {{IM} Preprint series {A}, no.\ 5/2005, PJ \v{S}af\'arik University, Faculty of Science, Institute of Mathematics}
}
@article{Edm65,
 title = {Paths, trees and flowers},
 author = {J. Edmonds},
 year = 1965,
 journal = {Canadian Journal of Mathematics},
 publisher = {Cambridge University Press},
 volume = 17,
 pages = {449--467}
}
@inproceedings{MV80,
 title = {An {$O(\sqrt{|V|} \cdot |E|)$} algorithm for finding maximum matching in general graphs},
 author = {S. Micali and V.V. Vazirani},
 year = 1980,
 booktitle = {Proceedings of FOCS '80: the 21\textsuperscript{st} Annual IEEE Symposium on Foundations of Computer Science},
 pages = {17--27}
}
@article{Karp75,
 title = {On the Computational Complexity of Combinatorial Problems},
 author = {Karp, R. M.},
 year = 1975,
 journal = {Networks},
 publisher = {Wiley Periodicals, Inc.},
 volume = 5,
 number = 1,
 pages = {45--68}
}
@article{guruswami_k_2001,
 title = {The {${K}_r$-Packing} {Problem}},
 author = {Guruswami, Venkatesan and Pandu Rangan, C. and Chang, M. S. and Chang, G. J. and Wong, C. K.},
 year = 2001,
 journal = {Computing},
 publisher = {Springer},
 volume = 66,
 pages = {79--89}
}
@article{van_rooij_partition_2013,
 title = {Partition {Into} {Triangles} on {Bounded} {Degree} {Graphs}},
 author = {van Rooij, Johan M. M. and van Kooten-Niekerk, Marcel E. and Bodlaender, Hans L.},
 year = 2013,
 journal = {Theory of Computing Systems},
 publisher = {Springer},
 volume = 52,
 number = 4,
 pages = {687--718}
}
@article{hs89,
 title = {On the size of systems of sets every {$t$} of which have an {SDR}, with an application to the worst-case ratio of heuristics for packing problems},
 author = {Hurkens, C.A.J. and Schrijver, A.},
 year = 1989,
 journal = {{SIAM} Journal on Discrete Mathematics},
 volume = 2,
 number = 1,
 pages = {68--72}
}
@inproceedings{Hal95,
 title = {Approximating Discrete Collections via Local Improvements},
 author = {Halld\'{o}rsson, Magn\'{u}s M.},
 year = 1995,
 booktitle = {Proceedings of SODA '95: the 6\textsuperscript{th} Annual ACM-SIAM Symposium on Discrete Algorithms},
 pages = {160--169}
}
@article{Eurocomb05,
 title = {Packing triangles in low degree graphs and indifference graphs},
 author = {G. Mani\'c and Y. Wakabayashi},
 year = 2008,
 journal = {Discrete Mathematics},
 publisher = {Elsevier},
 volume = 308,
 number = 8,
 pages = {1455--1471}
}
@article{takamizawa1982linear,
 title = {Linear-time computability of combinatorial problems on series-parallel graphs},
 author = {Takamizawa, Kazuhiko and Nishizeki, Takao and Saito, Nobuji},
 year = 1982,
 journal = {Journal of the ACM},
 volume = 29,
 number = 3,
 pages = {623--641}
}
@mastersthesis{Pantel99,
 title = {Graph Packing Problems},
 author = {Sarah Pantel},
 year = 1999,
 school = {Simon Fraser University, Canada},
 type = {Master's thesis}
}
@article{DAHLHAUS199879,
 title = {Matching and multidimensional matching in chordal and strongly chordal graphs},
 author = {Elias Dahlhaus and Marek Karpinski},
 year = 1998,
 journal = {Discrete Applied Mathematics},
 publisher = {Elsevier},
 volume = 84,
 number = {1-3},
 pages = {79--91}
}
@techreport{KrPackingP4sparse,
 title = {{$K_r$}-packing of {$P_4$}-sparse graphs},
 author = {Vagner Pedrotti and C\'elia Picnin de Mello},
 year = 2008,
 booktitle = {Anais do 4\textsuperscript{o} Workshop de Teses de Doutorado em Andamento do IC-UNICAMP},
 number = {IC-08-025},
 editor = {Claudia Bauzer Medeiros, Alan Massaru Nakai, Carla Geovana do Nascimento Macario, Gilberto Zonta Pastorello Jr., Jorge Lima de Oliveira Filho, Patrick H. S. Brito, Rodrigo Dias Arruda Senra, N\'adia Kozievitch},
 institution = {Institute of Computing, University of Campinas},
 url = {https://web.archive.org/web/20220912204041/https://www.ic.unicamp.br/\~wtd/2012/Anais/AnaisWTD2008.pdf}
}
@article{hajnal_szemeredi,
 title = {Proof of a conjecture of {P. Erd\H{o}s}},
 author = {Hajnal, Andr\`as and Szemer\'edi, E},
 year = 1970,
 journal = {Combinatorial Theory and Its Applications},
 volume = 2,
 publisher = {North-Holland},
 address = {Amsterdam, Netherlands},
 pages = {601--623}
}
@article{KIERSTEAD2008226,
 title = {An Ore-type theorem on equitable coloring},
 author = {H.A. Kierstead and A.V. Kostochka},
 year = 2008,
 journal = {Journal of Combinatorial Theory, Series B},
 publisher = {Elsevier},
 volume = 98,
 number = 1,
 pages = {226--234}
}
@mastersthesis{TreglownThesis,
 title = {The Regularity Lemma and applications to packings in graphs},
 type = {Ph.D. thesis},
 author = {Andrew Treglown},
 year = 2007,
 school = {University of Birmingham, {UK}}
}
@article{KD09,
 title = {The Minimum Degree Threshold for Perfect Graph Packings},
 author = {K\"{u}hn, Daniela and Osthus, Deryk},
 year = 2009,
 journal = {Combinatorica},
 publisher = {Springer},
 volume = 29,
 number = 1,
 pages = {65--107}
}
@webpage{clustergraphcitation,
 title = {Information System on Graph Classes and their Inclusions (ISGCI)},
 part = {{Graphclass: cluster}},
 author = {{HN de Ridder et al}},
 type = {database on the Internet},
 year = {2022},
 url = {https://www.graphclasses.org/classes/gc_1237.html},
 lastchecked = {2022 Sep 11},
 updated = {2022 Feb 22}
}
@article{MINTY1980284,
 title = {On maximal independent sets of vertices in claw-free graphs},
 author = {George J Minty},
 year = 1980,
 journal = {Journal of Combinatorial Theory, Series B},
 publisher = {Elsevier},
 volume = 28,
 number = 3,
 pages = {284--304}
}
@article{SBIHI198053,
 title = {Algorithme de recherche d'un stable de cardinalite maximum dans un graphe sans etoile},
 author = {Najiba Sbihi},
 year = 1980,
 journal = {Discrete Mathematics},
 publisher = {Elsevier},
 volume = 29,
 number = 1,
 pages = {53--76}
}
@article{kann91,
 title = {Maximum bounded $3$-dimensional matching is {$\MaxSNP$}-complete},
 author = {Kann, V.},
 year = 1991,
 journal = {Information Processing Letters},
 volume = 37,
 number = 1,
 pages = {27--35},
 publisher = {Elsevier}
}
@inproceedings{FOS11,
 title = {An algorithmic decomposition of claw-free graphs leading to an {$O(n^3)$}-algorithm for the weighted stable set problem},
 author = {Yuri Faenza and Gianpaolo Oriolo and Gautier Stauffer},
 year = 2011,
 booktitle = {Proceedings of SODA '11: the 22\textsuperscript{nd} Annual ACM-SIAM Symposium on Discrete Algorithms},
 pages = {630--646}
}
@article{Nakamura01,
 title = {A revision of {Minty's} algorithm for finding a maximum weight stable set of a claw-free graph},
 author = {Daishin Nakamura and Akihisa Tamura},
 year = 2001,
 journal = {Journal of the Operations Research Society of Japan},
 publisher = {Operations Research Society of Japan},
 volume = 44,
 number = 2,
 pages = {194--204}
}
@inproceedings{Crescenzi97,
 title = {A Short Guide To Approximation Preserving Reductions},
 author = {P. Crescenzi},
 year = 1997,
 booktitle = {Proceedings of CCC '97: The 12\textsuperscript{th} Annual {IEEE} Conference on Computational Complexity},
 pages = {262--273}
}
@book{approximationvazirani,
 title = {Approximation Algorithms},
 author = {Vijay V. Vazirani},
 year = 2003,
 publisher = {Springer}
}
@book{IPbook,
 title = {Integer Programming},
 author = {Michele Conforti and Gérard Cornuéjols and Giacomo Zambelli},
 publisher = {Springer},
 series = {Graduate Texts in Mathematics},
 volume = 271,
 year = 2014
}
@article{Sub94,
 title = {A New Approach to Stable Matching Problems},
 author = {A. Subramanian},
 year = 1994,
 journal = {{SIAM} Journal on Computing},
 volume = 23,
 number = 4,
 pages = {671--700}
}
@article{GairingSavani19,
  title = {Computing Stable Outcomes in Symmetric Additively Separable Hedonic Games},
  author = {Martin Gairing and Rahul Savani},
  year = 2008,
  journal = {Mathematics of Operations Research},
  publisher = {The Institute for Operations Research and the Management Sciences},
  volume = 44,
  number = 3,
  pages = {1101--1121}
}
@article{JohnsonPapaYanna88,
  title = {How easy is local search?},
  author = {David S. Johnson and Christos H. Papadimitriou and Mihalis Yannakakis},
  year = 1988,
  journal = {Journal of Computer and System Sciences},
  publisher = {Elsevier},
  volume = 37,
  number = 1,
  pages = {79--100}
}
@unpublished{bullinger21,
  title = {Single-Agent Dynamics in Hedonic Games},
  author = {Martin Bullinger},
  year = 2021,
  url = {http://web.archive.org/web/20220913192100/https://drops.dagstuhl.de/opus/volltexte/2021/15588/pdf/dagrep_v011_i007_p001_21331.pdf},
  note = {Talk presented on 17\textsuperscript{th} August 2021 at {Dagstuhl Seminar 21331} ``Coalition Formation Games'' in Dagstuhl, Germany}
}
@inproceedings{BK99,
  title = {On Some Tighter Inapproximability Results},
  author = {Piotr Berman and Marek Karpinski},
  year = 1999,
  booktitle = {Proceedings of ICALP '99: the 26th International Colloquium on Automata, Languages and Programming},
  publisher = {Springer},
  series = {Lecture Notes in Computer Science},
  volume = 1644,
  pages = {200--209}
}
